@misc{rules,
  title = {Blackjack},
  howpublished = {\url{https://www.en.wikipedia.org/wiki/Blackjack}},
  note = {Pristup: 20. Sije훾anj 2024.}
}

@misc{erlang,
  title = {Erlang Programming Language},
  howpublished = {\url{https://www.erlang.org}},
  note = {Pristup: 21. Sije훾anj 2024.}
}

@misc{genserver,
  title = {gen\_server - Erlang/OTP},
  howpublished = {\url{https://www.erlang.org/doc/man/gen_server.html}},
  note = {Pristup: 21. Sije훾anj 2024.}
}

@misc{rebar3,
  title = {Rebar3: Erlang build tool},
  howpublished = {\url{https://www.rebar3.org/}},
  note = {Pristup: 21. Sije훾anj 2024.}
}